[gd_scene load_steps=10 format=2]

[ext_resource path="res://mm_engine/client/dev/readable.tres" type="Theme" id=1]
[ext_resource path="res://img/dev-icons.png" type="Texture" id=2]
[ext_resource path="res://mm_engine/client/dev/dev-ui.gd" type="Script" id=3]


[sub_resource type="AtlasTexture" id=1]
atlas = ExtResource( 2 )
region = Rect2( 0, 0, 16, 16 )

[sub_resource type="AtlasTexture" id=2]
atlas = ExtResource( 2 )
region = Rect2( 16, 0, 16, 16 )

[sub_resource type="AtlasTexture" id=3]
atlas = ExtResource( 2 )
region = Rect2( 0, 16, 16, 16 )

[sub_resource type="AtlasTexture" id=4]
atlas = ExtResource( 2 )
region = Rect2( 16, 16, 16, 16 )

[sub_resource type="AtlasTexture" id=5]
atlas = ExtResource( 2 )
region = Rect2( 0, 32, 16, 16 )

[sub_resource type="AtlasTexture" id=6]
atlas = ExtResource( 2 )
region = Rect2( 16, 32, 16, 16 )

[node name="dev" type="Control"]
anchor_right = 1.0
anchor_bottom = 1.0
margin_left = -0.824768
margin_top = -3.7708
margin_right = -0.824768
margin_bottom = -3.77081
mouse_filter = 2
theme = ExtResource( 1 )
script = ExtResource( 3 )
__meta__ = {
"_edit_use_anchors_": false
}

[node name="tile panel" type="PanelContainer" parent="."]
visible = false
anchor_left = 0.817
anchor_right = 1.0
anchor_bottom = 1.0
margin_left = -826.803
margin_top = 122.086
margin_right = -828.195
margin_bottom = -6.91382
__meta__ = {
"_edit_use_anchors_": false
}

[node name="contents" type="VBoxContainer" parent="tile panel"]
margin_left = 6.0
margin_top = 4.0
margin_right = 180.0
margin_bottom = 467.0
size_flags_horizontal = 3
size_flags_vertical = 3

[node name="coords" type="Label" parent="tile panel/contents"]
margin_right = 174.0
margin_bottom = 25.0
text = "(0,0)"
align = 1

[node name="Ground" type="Label" parent="tile panel/contents"]
margin_top = 29.0
margin_right = 174.0
margin_bottom = 54.0
text = "Ground"
align = 1
uppercase = true

[node name="ground style" type="HBoxContainer" parent="tile panel/contents"]
margin_top = 58.0
margin_right = 174.0
margin_bottom = 83.0
alignment = 1

[node name="style" type="Label" parent="tile panel/contents/ground style"]
margin_right = 37.0
margin_bottom = 25.0
text = "Tex:"

[node name="picker" type="OptionButton" parent="tile panel/contents/ground style"]
margin_left = 41.0
margin_right = 174.0
margin_bottom = 25.0
size_flags_horizontal = 3
size_flags_vertical = 0

[node name="height" type="HBoxContainer" parent="tile panel/contents"]
margin_top = 87.0
margin_right = 174.0
margin_bottom = 112.0
alignment = 1

[node name="height" type="Label" parent="tile panel/contents/height"]
margin_right = 58.0
margin_bottom = 25.0
text = "Height:"

[node name="SpinBox" type="SpinBox" parent="tile panel/contents/height"]
margin_left = 62.0
margin_right = 174.0
margin_bottom = 25.0
step = 0.25

[node name="HSeparator" type="HSeparator" parent="tile panel/contents"]
margin_top = 116.0
margin_right = 174.0
margin_bottom = 120.0

[node name="Walls" type="Label" parent="tile panel/contents"]
margin_top = 124.0
margin_right = 174.0
margin_bottom = 149.0
text = "Walls"
align = 1
uppercase = true

[node name="walls controls" type="HBoxContainer" parent="tile panel/contents"]
margin_top = 153.0
margin_right = 174.0
margin_bottom = 178.0
__meta__ = {
"_edit_use_anchors_": false
}

[node name="Button" type="Button" parent="tile panel/contents/walls controls"]
margin_right = 19.0
margin_bottom = 25.0
text = "+"

[node name="Button2" type="Button" parent="tile panel/contents/walls controls"]
margin_left = 23.0
margin_right = 42.0
margin_bottom = 25.0
text = "-"

[node name="tile walls" type="ItemList" parent="tile panel/contents"]
margin_top = 182.0
margin_right = 174.0
margin_bottom = 339.0
size_flags_vertical = 3
__meta__ = {
"_edit_use_anchors_": false
}

[node name="wall style" type="HBoxContainer" parent="tile panel/contents"]
margin_top = 343.0
margin_right = 174.0
margin_bottom = 368.0
alignment = 1

[node name="style" type="Label" parent="tile panel/contents/wall style"]
margin_right = 37.0
margin_bottom = 25.0
text = "Tex:"

[node name="picker" type="OptionButton" parent="tile panel/contents/wall style"]
margin_left = 41.0
margin_right = 174.0
margin_bottom = 25.0
size_flags_horizontal = 3
size_flags_vertical = 0

[node name="wall height" type="HBoxContainer" parent="tile panel/contents"]
margin_top = 372.0
margin_right = 174.0
margin_bottom = 397.0
alignment = 1

[node name="wall_height" type="Label" parent="tile panel/contents/wall height"]
margin_right = 58.0
margin_bottom = 25.0
text = "Height:"

[node name="SpinBox" type="SpinBox" parent="tile panel/contents/wall height"]
margin_left = 62.0
margin_right = 174.0
margin_bottom = 25.0
size_flags_horizontal = 0
size_flags_vertical = 0

[node name="HSeparator2" type="HSeparator" parent="tile panel/contents"]
margin_top = 401.0
margin_right = 174.0
margin_bottom = 405.0

[node name="Ceiling" type="Label" parent="tile panel/contents"]
margin_top = 409.0
margin_right = 174.0
margin_bottom = 434.0
text = "Ceiling"
align = 1
uppercase = true

[node name="ceiling style" type="HBoxContainer" parent="tile panel/contents"]
margin_top = 438.0
margin_right = 174.0
margin_bottom = 463.0
alignment = 1

[node name="style" type="Label" parent="tile panel/contents/ceiling style"]
margin_right = 37.0
margin_bottom = 25.0
text = "Tex:"

[node name="picker" type="OptionButton" parent="tile panel/contents/ceiling style"]
margin_left = 41.0
margin_right = 174.0
margin_bottom = 25.0
size_flags_horizontal = 3
size_flags_vertical = 0

[node name="console panel" type="PanelContainer" parent="."]
visible = false
margin_left = 198.0
margin_top = 6.0
margin_right = 528.0
margin_bottom = 146.0
__meta__ = {
"_edit_use_anchors_": false
}

[node name="contents" type="VBoxContainer" parent="console panel"]
margin_left = 6.0
margin_top = 4.0
margin_right = 324.0
margin_bottom = 136.0

[node name="RichTextLabel" type="RichTextLabel" parent="console panel/contents"]
margin_right = 318.0
margin_bottom = 103.0
size_flags_horizontal = 3
size_flags_vertical = 3

[node name="LineEdit" type="LineEdit" parent="console panel/contents"]
margin_top = 107.0
margin_right = 318.0
margin_bottom = 132.0
focus_mode = 1
size_flags_horizontal = 3

[node name="toolbar" type="HBoxContainer" parent="."]
modulate = Color( 1, 1, 1, 0.54902 )
margin_left = 1.0
margin_top = 4.0
margin_right = 466.0
margin_bottom = 29.0
__meta__ = {
"_edit_use_anchors_": false
}

[node name="map window" type="Button" parent="toolbar"]
margin_right = 28.0
margin_bottom = 25.0
focus_mode = 0
toggle_mode = true
icon = SubResource( 1 )

[node name="section window" type="Button" parent="toolbar"]
visible = false
margin_left = 32.0
margin_right = 60.0
margin_bottom = 25.0
focus_mode = 0
toggle_mode = true
icon = SubResource( 2 )

[node name="builder window" type="Button" parent="toolbar"]
margin_left = 32.0
margin_right = 60.0
margin_bottom = 25.0
focus_mode = 0
toggle_mode = true
icon = SubResource( 3 )

[node name="tile window" type="Button" parent="toolbar"]
margin_left = 64.0
margin_right = 92.0
margin_bottom = 25.0
focus_mode = 0
toggle_mode = true
icon = SubResource( 4 )

[node name="term" type="Button" parent="toolbar"]
margin_left = 96.0
margin_right = 124.0
margin_bottom = 25.0
focus_mode = 0
toggle_mode = true
icon = SubResource( 5 )

[node name="build panel" type="PanelContainer" parent="."]
visible = false
anchor_top = 0.358
anchor_right = 0.246
anchor_bottom = 1.0
margin_left = 3.0
margin_top = -24.8
margin_right = -69.904
margin_bottom = -8.0
__meta__ = {
"_edit_use_anchors_": false
}

[node name="contents" type="VBoxContainer" parent="build panel"]
margin_left = 6.0
margin_top = 4.0
margin_right = 256.0
margin_bottom = 398.0
size_flags_horizontal = 3
size_flags_vertical = 3

[node name="Label" type="Label" parent="build panel/contents"]
margin_right = 250.0
margin_bottom = 25.0
text = "Build Instructions"
align = 1

[node name="ItemList" type="ItemList" parent="build panel/contents"]
margin_top = 29.0
margin_right = 250.0
margin_bottom = 336.0
size_flags_horizontal = 3
size_flags_vertical = 3

[node name="add_remove" type="HBoxContainer" parent="build panel/contents"]
margin_top = 340.0
margin_right = 250.0
margin_bottom = 365.0

[node name="add" type="Button" parent="build panel/contents/add_remove"]
margin_right = 19.0
margin_bottom = 25.0
text = "+"

[node name="remove" type="Button" parent="build panel/contents/add_remove"]
margin_left = 23.0
margin_right = 42.0
margin_bottom = 25.0
text = "-"

[node name="OptionButton" type="OptionButton" parent="build panel/contents"]
margin_top = 369.0
margin_right = 250.0
margin_bottom = 394.0
text = "From Image"
items = [ "From Image", null, false, 0, null ]
selected = 0

[node name="box controls" type="VBoxContainer" parent="build panel/contents"]
visible = false
margin_top = 282.0
margin_right = 167.0
margin_bottom = 394.0

[node name="minx" type="HBoxContainer" parent="build panel/contents/box controls"]
margin_right = 167.0
margin_bottom = 25.0

[node name="minx" type="Label" parent="build panel/contents/box controls/minx"]
margin_right = 51.0
margin_bottom = 25.0
text = "min x:"

[node name="SpinBox" type="SpinBox" parent="build panel/contents/box controls/minx"]
margin_left = 55.0
margin_right = 167.0
margin_bottom = 25.0
size_flags_horizontal = 3
min_value = -100.0

[node name="miny" type="HBoxContainer" parent="build panel/contents/box controls"]
margin_top = 29.0
margin_right = 167.0
margin_bottom = 54.0

[node name="miny" type="Label" parent="build panel/contents/box controls/miny"]
margin_right = 51.0
margin_bottom = 25.0
text = "min y:"

[node name="SpinBox" type="SpinBox" parent="build panel/contents/box controls/miny"]
margin_left = 55.0
margin_right = 167.0
margin_bottom = 25.0
size_flags_horizontal = 3
min_value = -100.0

[node name="maxx" type="HBoxContainer" parent="build panel/contents/box controls"]
margin_top = 58.0
margin_right = 167.0
margin_bottom = 83.0

[node name="minx" type="Label" parent="build panel/contents/box controls/maxx"]
margin_right = 51.0
margin_bottom = 25.0
text = "max x:"

[node name="SpinBox" type="SpinBox" parent="build panel/contents/box controls/maxx"]
margin_left = 55.0
margin_right = 167.0
margin_bottom = 25.0
size_flags_horizontal = 3
min_value = -100.0

[node name="maxy" type="HBoxContainer" parent="build panel/contents/box controls"]
margin_top = 87.0
margin_right = 167.0
margin_bottom = 112.0

[node name="miny" type="Label" parent="build panel/contents/box controls/maxy"]
margin_right = 51.0
margin_bottom = 25.0
text = "max y:"

[node name="SpinBox" type="SpinBox" parent="build panel/contents/box controls/maxy"]
margin_left = 55.0
margin_right = 167.0
margin_bottom = 25.0
size_flags_horizontal = 3
min_value = -100.0

[node name="image controls" type="VBoxContainer" parent="build panel/contents"]
visible = false
margin_top = 340.0
margin_right = 250.0
margin_bottom = 394.0

[node name="tile_path" type="HBoxContainer" parent="build panel/contents/image controls"]
margin_right = 250.0
margin_bottom = 25.0

[node name="Label" type="Label" parent="build panel/contents/image controls/tile_path"]
margin_right = 104.0
margin_bottom = 25.0
size_flags_horizontal = 3
text = "Tile Img:"
align = 2

[node name="input" type="LineEdit" parent="build panel/contents/image controls/tile_path"]
margin_left = 108.0
margin_right = 212.0
margin_bottom = 25.0
size_flags_horizontal = 3

[node name="Browse" type="Button" parent="build panel/contents/image controls/tile_path"]
margin_left = 216.0
margin_right = 249.0
margin_bottom = 25.0
text = "..."

[node name="height_path" type="HBoxContainer" parent="build panel/contents/image controls"]
margin_top = 29.0
margin_right = 250.0
margin_bottom = 54.0

[node name="Label" type="Label" parent="build panel/contents/image controls/height_path"]
margin_right = 104.0
margin_bottom = 25.0
size_flags_horizontal = 3
text = "Height Img:"
align = 2

[node name="input" type="LineEdit" parent="build panel/contents/image controls/height_path"]
margin_left = 108.0
margin_right = 212.0
margin_bottom = 25.0
size_flags_horizontal = 3

[node name="Browse" type="Button" parent="build panel/contents/image controls/height_path"]
margin_left = 216.0
margin_right = 249.0
margin_bottom = 25.0
text = "..."

[node name="line controls" type="TabContainer" parent="build panel/contents"]
visible = false
margin_top = 242.0
margin_right = 250.0
margin_bottom = 394.0
size_flags_horizontal = 3
size_flags_vertical = 3

[node name="2-point" type="VBoxContainer" parent="build panel/contents/line controls"]
anchor_right = 1.0
anchor_bottom = 1.0
margin_left = 5.0
margin_top = 32.0
margin_right = -5.0
margin_bottom = -5.0

[node name="Point1" type="HBoxContainer" parent="build panel/contents/line controls/2-point"]
margin_right = 240.0
margin_bottom = 25.0

[node name="minx" type="Label" parent="build panel/contents/line controls/2-point/Point1"]
margin_right = 44.0
margin_bottom = 25.0
text = "from:"

[node name="x" type="LineEdit" parent="build panel/contents/line controls/2-point/Point1"]
margin_left = 48.0
margin_right = 126.0
margin_bottom = 25.0
size_flags_horizontal = 3
custom_constants/minimum_spaces = 2

[node name="y" type="LineEdit" parent="build panel/contents/line controls/2-point/Point1"]
margin_left = 130.0
margin_right = 208.0
margin_bottom = 25.0
size_flags_horizontal = 3
custom_constants/minimum_spaces = 2

[node name="here" type="Button" parent="build panel/contents/line controls/2-point/Point1"]
margin_left = 212.0
margin_right = 240.0
margin_bottom = 25.0
icon = SubResource( 6 )

[node name="Point2" type="HBoxContainer" parent="build panel/contents/line controls/2-point"]
margin_top = 29.0
margin_right = 240.0
margin_bottom = 54.0

[node name="miny" type="Label" parent="build panel/contents/line controls/2-point/Point2"]
margin_right = 30.0
margin_bottom = 25.0
text = "to:"

[node name="x" type="LineEdit" parent="build panel/contents/line controls/2-point/Point2"]
margin_left = 34.0
margin_right = 119.0
margin_bottom = 25.0
size_flags_horizontal = 3
custom_constants/minimum_spaces = 2
__meta__ = {
"_edit_use_anchors_": false
}

[node name="y" type="LineEdit" parent="build panel/contents/line controls/2-point/Point2"]
margin_left = 123.0
margin_right = 208.0
margin_bottom = 25.0
size_flags_horizontal = 3
custom_constants/minimum_spaces = 2
__meta__ = {
"_edit_use_anchors_": false
}

[node name="here" type="Button" parent="build panel/contents/line controls/2-point/Point2"]
margin_left = 212.0
margin_right = 240.0
margin_bottom = 25.0
icon = SubResource( 6 )

[node name="dir-dist" type="VBoxContainer" parent="build panel/contents/line controls"]
visible = false
anchor_right = 1.0
anchor_bottom = 1.0
margin_left = 5.0
margin_top = 32.0
margin_right = -5.0
margin_bottom = -5.0

[node name="Point3" type="HBoxContainer" parent="build panel/contents/line controls/dir-dist"]
margin_right = 180.0
margin_bottom = 25.0

[node name="minx" type="Label" parent="build panel/contents/line controls/dir-dist/Point3"]
margin_right = 44.0
margin_bottom = 25.0
text = "from:"

[node name="x" type="LineEdit" parent="build panel/contents/line controls/dir-dist/Point3"]
margin_left = 48.0
margin_right = 96.0
margin_bottom = 25.0
size_flags_horizontal = 3
custom_constants/minimum_spaces = 2

[node name="y" type="LineEdit" parent="build panel/contents/line controls/dir-dist/Point3"]
margin_left = 100.0
margin_right = 148.0
margin_bottom = 25.0
size_flags_horizontal = 3
custom_constants/minimum_spaces = 2

[node name="here" type="Button" parent="build panel/contents/line controls/dir-dist/Point3"]
margin_left = 152.0
margin_right = 180.0
margin_bottom = 25.0
icon = SubResource( 6 )

[node name="Direction" type="HBoxContainer" parent="build panel/contents/line controls/dir-dist"]
margin_top = 29.0
margin_right = 180.0
margin_bottom = 54.0

[node name="Direction" type="Label" parent="build panel/contents/line controls/dir-dist/Direction"]
margin_right = 71.0
margin_bottom = 25.0
text = "Direction"

[node name="dir" type="OptionButton" parent="build panel/contents/line controls/dir-dist/Direction"]
margin_left = 75.0
margin_right = 180.0
margin_bottom = 25.0
size_flags_horizontal = 3
text = "North"
items = [ "North", null, false, 0, null, "East", null, false, 1, null, "West", null, false, 2, null, "South", null, false, 3, null ]
selected = 0

[node name="Distance" type="HBoxContainer" parent="build panel/contents/line controls/dir-dist"]
margin_top = 58.0
margin_right = 180.0
margin_bottom = 83.0

[node name="miny" type="Label" parent="build panel/contents/line controls/dir-dist/Distance"]
margin_right = 64.0
margin_bottom = 25.0
text = "Distance"

[node name="x" type="SpinBox" parent="build panel/contents/line controls/dir-dist/Distance"]
margin_left = 68.0
margin_right = 180.0
margin_bottom = 25.0
size_flags_horizontal = 3

[node name="map panel" type="PanelContainer" parent="."]
margin_left = 762.0
margin_top = 11.0
margin_right = 1016.0
margin_bottom = 403.0
__meta__ = {
"_edit_use_anchors_": false
}

[node name="rows" type="VBoxContainer" parent="map panel"]
margin_left = 6.0
margin_top = 4.0
margin_right = 248.0
margin_bottom = 388.0

[node name="sections2" type="HBoxContainer" parent="map panel/rows"]
margin_right = 242.0
margin_bottom = 190.0
size_flags_horizontal = 3
size_flags_vertical = 3

[node name="maps_list" type="VBoxContainer" parent="map panel/rows/sections2"]
margin_right = 142.0
margin_bottom = 190.0
size_flags_horizontal = 3
size_flags_vertical = 3

[node name="LABEL" type="Label" parent="map panel/rows/sections2/maps_list"]
margin_right = 142.0
margin_bottom = 25.0
size_flags_horizontal = 3
size_flags_vertical = 1
text = "Maps"
align = 1

[node name="ItemList" type="ItemList" parent="map panel/rows/sections2/maps_list"]
margin_top = 29.0
margin_right = 142.0
margin_bottom = 161.0
size_flags_horizontal = 3
size_flags_vertical = 3

[node name="MapsFooter" type="HBoxContainer" parent="map panel/rows/sections2/maps_list"]
margin_top = 165.0
margin_right = 142.0
margin_bottom = 190.0

[node name="input" type="LineEdit" parent="map panel/rows/sections2/maps_list/MapsFooter"]
margin_right = 96.0
margin_bottom = 25.0
size_flags_horizontal = 3
text = "new map"

[node name="Button" type="Button" parent="map panel/rows/sections2/maps_list/MapsFooter"]
margin_left = 100.0
margin_right = 119.0
margin_bottom = 25.0
text = "+"

[node name="Button2" type="Button" parent="map panel/rows/sections2/maps_list/MapsFooter"]
margin_left = 123.0
margin_right = 142.0
margin_bottom = 25.0
disabled = true
text = "-"

[node name="map data" type="HBoxContainer" parent="map panel/rows/sections2"]
margin_left = 146.0
margin_right = 242.0
margin_bottom = 190.0
size_flags_horizontal = 3
size_flags_vertical = 3

[node name="overview" type="VBoxContainer" parent="map panel/rows/sections2/map data"]
margin_right = 96.0
margin_bottom = 190.0
size_flags_horizontal = 3

[node name="map" type="VBoxContainer" parent="map panel/rows/sections2/map data/overview"]
margin_right = 96.0
margin_bottom = 83.0
size_flags_horizontal = 3

[node name="Map" type="Label" parent="map panel/rows/sections2/map data/overview/map"]
margin_right = 96.0
margin_bottom = 25.0
size_flags_horizontal = 3
size_flags_vertical = 3
text = "Map:"

[node name="LineEdit" type="LineEdit" parent="map panel/rows/sections2/map data/overview/map"]
margin_top = 29.0
margin_right = 96.0
margin_bottom = 54.0
size_flags_horizontal = 3
size_flags_vertical = 0
text = "map_title"

[node name="Button" type="Button" parent="map panel/rows/sections2/map data/overview/map"]
margin_top = 58.0
margin_right = 96.0
margin_bottom = 83.0
disabled = true
text = "Spawn"

[node name="sections" type="HBoxContainer" parent="map panel/rows"]
margin_top = 194.0
margin_right = 242.0
margin_bottom = 384.0
size_flags_horizontal = 3
size_flags_vertical = 3

[node name="sections_list" type="VBoxContainer" parent="map panel/rows/sections"]
margin_right = 142.0
margin_bottom = 190.0
size_flags_horizontal = 3
size_flags_vertical = 3

[node name="LABEL" type="Label" parent="map panel/rows/sections/sections_list"]
margin_right = 142.0
margin_bottom = 25.0
size_flags_horizontal = 3
size_flags_vertical = 1
text = "Sections"
align = 1

[node name="ItemList" type="ItemList" parent="map panel/rows/sections/sections_list"]
margin_top = 29.0
margin_right = 142.0
margin_bottom = 161.0
size_flags_horizontal = 3
size_flags_vertical = 3

[node name="SectionsFooter" type="HBoxContainer" parent="map panel/rows/sections/sections_list"]
margin_top = 165.0
margin_right = 142.0
margin_bottom = 190.0

[node name="input" type="LineEdit" parent="map panel/rows/sections/sections_list/SectionsFooter"]
margin_right = 96.0
margin_bottom = 25.0
size_flags_horizontal = 3
text = "new section"

[node name="Button" type="Button" parent="map panel/rows/sections/sections_list/SectionsFooter"]
margin_left = 100.0
margin_right = 119.0
margin_bottom = 25.0
text = "+"

[node name="Button2" type="Button" parent="map panel/rows/sections/sections_list/SectionsFooter"]
margin_left = 123.0
margin_right = 142.0
margin_bottom = 25.0
disabled = true
text = "-"

[node name="section data" type="HBoxContainer" parent="map panel/rows/sections"]
margin_left = 146.0
margin_right = 242.0
margin_bottom = 190.0
size_flags_horizontal = 3
size_flags_vertical = 3

[node name="overview" type="VBoxContainer" parent="map panel/rows/sections/section data"]
margin_right = 96.0
margin_bottom = 190.0
size_flags_horizontal = 3

[node name="map" type="VBoxContainer" parent="map panel/rows/sections/section data/overview"]
margin_right = 96.0
margin_bottom = 54.0
size_flags_horizontal = 3

[node name="Map" type="Label" parent="map panel/rows/sections/section data/overview/map"]
margin_right = 96.0
margin_bottom = 25.0
size_flags_horizontal = 3
size_flags_vertical = 3
text = "Section:"

[node name="LineEdit" type="LineEdit" parent="map panel/rows/sections/section data/overview/map"]
margin_top = 29.0
margin_right = 96.0
margin_bottom = 54.0
size_flags_horizontal = 3
size_flags_vertical = 0
text = "map_title"
[connection signal="text_entered" from="console panel/contents/LineEdit" to="." method="_on_console_command"]
[connection signal="toggled" from="toolbar/map window" to="." method="_on_map_window_toggled"]
[connection signal="toggled" from="toolbar/section window" to="." method="_on_section_window_toggled"]
[connection signal="toggled" from="toolbar/builder window" to="." method="_on_builder_window_toggled"]
[connection signal="toggled" from="toolbar/tile window" to="." method="_on_tile_window_toggled"]
[connection signal="toggled" from="toolbar/term" to="." method="_on_term_toggled"]
[connection signal="item_selected" from="map panel/rows/sections2/maps_list/ItemList" to="." method="_on_map_selected"]
[connection signal="nothing_selected" from="map panel/rows/sections2/maps_list/ItemList" to="." method="_on_map_list_nothing_selected"]
[connection signal="pressed" from="map panel/rows/sections2/maps_list/MapsFooter/Button" to="." method="_on_new_map_button"]
[connection signal="pressed" from="map panel/rows/sections2/maps_list/MapsFooter/Button2" to="." method="_on_remove_map_button"]
[connection signal="pressed" from="map panel/rows/sections2/map data/overview/map/Button" to="." method="_on_world_spawn_button"]
[connection signal="item_selected" from="map panel/rows/sections/sections_list/ItemList" to="." method="_on_section_selected"]
